@TECHREPORT{trafficflowtheory,
  AUTHOR       = " Sven Maerivoet and Bart De Moor",
  TITLE        = "Traffic Flow Theory",
  PUBLISHER    = "Department of Electrical Engineering, Katholieke Universiteit Leuven",
  YEAR         = "2005",
  ADDRESS      = "Leuven, Belgium"
}